%% LaTeX2e file `report.bib'
%% generated by the `filecontents' environment
%% from source `report' on 2024/03/14.
%%
%-------------------------------------------------------------------------------
@Paper{ibft-paper,
  author =       {Moniz H.},
  title =        {The Istanbul BFT Consensus Algorithm},
  year =         2020,
  edition =      {1.00},
  note =         {\url{https://arxiv.org/pdf/2002.03613.pdf}}
}
@InProceedings{waldspurger02,
  author =       {Waldspurger, Carl A.},
  title =        {Memory resource management in {VMware ESX} server},
  booktitle =    {USENIX Symposium on Operating System Design and
                  Implementation (OSDI)},
  year =         2002,
  pages =        {181--194},
  note =         {\url{https://www.usenix.org/legacy/event/osdi02/tech/waldspurger/waldspurger.pdf}}}
